%%%%%%%%%%%%%%%%%%%%%%%%%%%%%%%%%%%%%%%%
% Bibliography
%%%%%%%%%%%%%%%%%%%%%%%%%%%%%%%%%%%%%%%%

@report{UNESCO,
  author={UNESCO},
  title = {UNESCO Recommendation on Open Science},
  institution = {United Nations Educational, Scientific and Cultural Organization},
  year = {2021},
  number = {SC-PCB-SPP/2021/OS/UROS}
}

@book{nelsen2006introduction,
  title={An introduction to copulas},
  author={Nelsen, Roger B},
  year={2006},
  publisher={Springer}
}

@article{wilkinson2016fair,
  title={The FAIR Guiding Principles for scientific data management and stewardship},
  author={Wilkinson, Mark D and Dumontier, Michel and Aalbersberg, IJsbrand Jan and Appleton, Gabrielle and Axton, Myles and Baak, Arie and Blomberg, Niklas and Boiten, Jan-Willem and da Silva Santos, Luiz Bonino and Bourne, Philip E and others},
  journal={Scientific data},
  volume={3},
  number={1},
  pages={1--9},
  year={2016},
  publisher={Nature Publishing Group}
}

@misc{gdpr2016general,
  title={General data protection regulation},
  author={GDPR, General Data Protection Regulation},
  journal={Regulation (EU) 2016/679 of the European Parliament and of the Council of 27 April 2016 on the protection of natural persons with regard to the processing of personal data and on the free movement of such data, and repealing Directive 95/46/EC},
  year={2016}
}

@article{hu2018bayesian,
  title={Bayesian estimation of attribute and identification disclosure risks in synthetic data},
  author={Hu, Jingchen},
  journal={arXiv preprint arXiv:1804.02784},
  year={2018}
}

@inproceedings{hittmeir2020baseline,
  title={A baseline for attribute disclosure risk in synthetic data},
  author={Hittmeir, Markus and Mayer, Rudolf and Ekelhart, Andreas},
  booktitle={Proceedings of the Tenth ACM Conference on Data and Application Security and Privacy},
  pages={133--143},
  year={2020}
}

@inproceedings{hittmeir2019utility,
  title={Utility and privacy assessments of synthetic data for regression tasks},
  author={Hittmeir, Markus and Ekelhart, Andreas and Mayer, Rudolf},
  booktitle={2019 IEEE International Conference on Big Data (Big Data)},
  pages={5763--5772},
  year={2019},
  organization={IEEE}
}

@article{van2023membership,
  title={Membership inference attacks against synthetic data through overfitting detection},
  author={Van Breugel, Boris and Sun, Hao and Qian, Zhaozhi and van der Schaar, Mihaela},
  journal={arXiv preprint arXiv:2302.12580},
  year={2023}
}

@article{pridemore2018replication,
  title={Replication in criminology and the social sciences},
  author={Pridemore, William Alex and Makel, Matthew C and Plucker, Jonathan A},
  journal={Annual Review of Criminology},
  volume={1},
  number={1},
  pages={19--38},
  year={2018},
  publisher={Annual Reviews}
}

@article{freese2022advances,
  title={Advances in transparency and reproducibility in the social sciences},
  author={Freese, Jeremy and Rauf, Tamkinat and Voelkel, Jan Gerrit},
  journal={Social Science Research},
  volume={107},
  pages={102770},
  year={2022},
  publisher={Elsevier}
}

@article{majeed2020anonymization,
  title={Anonymization techniques for privacy preserving data publishing: A comprehensive survey},
  author={Majeed, Abdul and Lee, Sungchang},
  journal={IEEE access},
  volume={9},
  pages={8512--8545},
  year={2020},
  publisher={IEEE}
}

@article{ajelli2018rapidd,
  title={The RAPIDD Ebola forecasting challenge: Model description and synthetic data generation},
  author={Ajelli, Marco and Zhang, Qian and Sun, Kaiyuan and Merler, Stefano and Fumanelli, Laura and Chowell, Gerardo and Simonsen, Lone and Viboud, Cecile and Vespignani, Alessandro},
  journal={Epidemics},
  volume={22},
  pages={3--12},
  year={2018},
  publisher={Elsevier}
}

@article{wood2018differential,
  title={Differential privacy: A primer for a non-technical audience},
  author={Wood, Alexandra and Altman, Micah and Bembenek, Aaron and Bun, Mark and Gaboardi, Marco and Honaker, James and Nissim, Kobbi and O'Brien, David R and Steinke, Thomas and Vadhan, Salil},
  journal={Vand. J. Ent. \& Tech. L.},
  volume={21},
  pages={209},
  year={2018},
  publisher={HeinOnline}
}

@article{wasserman2010statistical,
  title={A statistical framework for differential privacy},
  author={Wasserman, Larry and Zhou, Shuheng},
  journal={Journal of the American Statistical Association},
  volume={105},
  number={489},
  pages={375--389},
  year={2010},
  publisher={Taylor \& Francis}
}

@report{hradec2022multipurpose,
  title={Multipurpose synthetic population for policy applications},
  author={Hradec, Jiri and Craglia, Massimo and Di Leo, Margherita and De Nigris, Sarah and Ostlaender, Nicole and Nicholson, Nicholas},
  institution ={Joint Research Centre (JRC)},
  year={2022}
}

@article{powers2019open,
  title={Open science, reproducibility, and transparency in ecology},
  author={Powers, Stephen M and Hampton, Stephanie E},
  journal={Ecological applications},
  volume={29},
  number={1},
  pages={e01822},
  year={2019},
  publisher={Wiley Online Library}
}

@book{el2020practical,
  title={Practical synthetic data generation: balancing privacy and the broad availability of data},
  author={El Emam, Khaled and Mosquera, Lucy and Hoptroff, Richard},
  year={2020},
  publisher={O'Reilly Media}
}

@article{sagduyu2018synthetic,
  title={Synthetic social media data generation},
  author={Sagduyu, Yalin E and Grushin, Alexander and Shi, Yi},
  journal={IEEE Transactions on Computational Social Systems},
  volume={5},
  number={3},
  pages={605--620},
  year={2018},
  publisher={IEEE}
}

@inproceedings{soltana2017synthetic,
  title={Synthetic data generation for statistical testing},
  author={Soltana, Ghanem and Sabetzadeh, Mehrdad and Briand, Lionel C},
  booktitle={2017 32nd IEEE/ACM International Conference on Automated Software Engineering (ASE)},
  pages={872--882},
  year={2017},
  organization={IEEE}
}

@article{arnold2020really,
  title={Really Useful Synthetic Data--A Framework to Evaluate the Quality of Differentially Private Synthetic Data},
  author={Arnold, Christian and Neunhoeffer, Marcel},
  journal={arXiv preprint arXiv:2004.07740},
  year={2020}
}

@inproceedings{assefa2020generating,
  title={Generating synthetic data in finance: opportunities, challenges and pitfalls},
  author={Assefa, Samuel A and Dervovic, Danial and Mahfouz, Mahmoud and Tillman, Robert E and Reddy, Prashant and Veloso, Manuela},
  booktitle={Proceedings of the First ACM International Conference on AI in Finance},
  pages={1--8},
  year={2020}
}


@article{braddon2023exploring,
  title={Exploring the utility of synthetic data to extract more value from sensitive health data assets: A focused example in perinatal epidemiology},
  author={Braddon, Amy Elise and Robinson, Suzanne and Alati, Rosa and Betts, Kim S},
  journal={Paediatric and Perinatal Epidemiology},
  volume={37},
  number={4},
  pages={292--300},
  year={2023},
  publisher={Wiley Online Library}
}

@article{arora2022generative,
  title={Generative adversarial networks and synthetic patient data: current challenges and future perspectives},
  author={Arora, Anmol and Arora, Ananya},
  journal={Future Healthcare Journal},
  volume={9},
  number={2},
  pages={190--193},
  year={2022},
  publisher={Elsevier}
}

@article{kokosi2022overview,
  title={An overview of synthetic administrative data for research},
  author={Kokosi, Theodora and De Stavola, Bianca and Mitra, Robin and Frayling, Lora and Doherty, Aiden and Dove, Iain and Sonnenberg, Pam and Harron, Katie},
  journal={International Journal of Population Data Science},
  volume={7},
  number={1},
  year={2022},
  publisher={Swansea University}
}

@incollection{brunton2024using,
  title={Using Synthetic Crime Data to Understand Patterns of Police Undercounting at the Local Level},
  author={Brunton-Smith, Ian and Buil-Gil, David and Pina-S{\'a}nchez, Jose and Cernat, Alexandru and Moretti, Angelo},
  booktitle={The Crime Data Handbook},
  pages={60--79},
  year={2024},
  publisher={Bristol University Press}
}

@article{perez2021machine,
  title={Machine learning methods and synthetic data generation to predict large wildfires},
  author={P{\'e}rez-Porras, Fernando-Juan and Trivi{\~n}o-Tarradas, Paula and Cima-Rodr{\'\i}guez, Carmen and Mero{\~n}o-de-Larriva, Jose-Emilio and Garc{\'\i}a-Ferrer, Alfonso and Mesas-Carrascosa, Francisco-Javier},
  journal={Sensors},
  volume={21},
  number={11},
  pages={3694},
  year={2021},
  publisher={MDPI}
}

@article{kravitz2021potential,
  title={Potential for high fidelity global mapping of common inland water quality products at high spatial and temporal resolutions based on a synthetic data and machine learning approach},
  author={Kravitz, Jeremy and Matthews, Mark and Lain, Lisl and Fawcett, Sarah and Bernard, Stewart},
  journal={Frontiers in Environmental Science},
  volume={9},
  pages={587660},
  year={2021},
  publisher={Frontiers Media SA}
}

@article{nowok2016synthpop,
  title={synthpop: Bespoke creation of synthetic data in R},
  author={Nowok, Beata and Raab, Gillian M and Dibben, Chris},
  journal={Journal of statistical software},
  volume={74},
  pages={1--26},
  year={2016}
}

@inproceedings{hyeong2022empirical,
  title={An empirical study on the membership inference attack against tabular data synthesis models},
  author={Hyeong, Jihyeon and Kim, Jayoung and Park, Noseong and Jajodia, Sushil},
  booktitle={Proceedings of the 31st ACM International Conference on Information \& Knowledge Management},
  pages={4064--4068},
  year={2022}
}

@inproceedings{boudewijn2023privacy,
  title={Privacy measurements in tabular synthetic data: State of the art and future research directions},
  author={Boudewijn, Alexander Theodorus Petrus and Ferraris, Andrea Filippo and Panfilo, Daniele and Cocca, Vanessa and Zinutti, Sabrina and De Schepper, Karel and Chauvenet, Carlo Rossi},
  booktitle={NeurIPS 2023 Workshop on Synthetic Data Generation with Generative AI},
  year={2023}
}

@article{ochoa2001reidentification,
  title={Reidentification of individuals in Chicago’s homicide database: A technical and legal study},
  author={Ochoa, Salvador and Rasmussen, Jamie and Robson, Christine and Salib, Michael},
  journal={Massachusetts Institute of Technology},
  year={2001}
}

@article{el2008protecting,
  title={Protecting privacy using k-anonymity},
  author={El Emam, Khaled and Dankar, Fida Kamal},
  journal={Journal of the American Medical Informatics Association},
  volume={15},
  number={5},
  pages={627--637},
  year={2008},
  publisher={BMJ Group BMA House, Tavistock Square, London, WC1H 9JR}
}

@article{el2020seven,
  title={Seven ways to evaluate the utility of synthetic data},
  author={El Emam, Khaled},
  journal={IEEE Security \& Privacy},
  volume={18},
  number={4},
  pages={56--59},
  year={2020},
  publisher={IEEE}
}

@article{dankar2021fake,
  title={Fake it till you make it: Guidelines for effective synthetic data generation},
  author={Dankar, Fida K and Ibrahim, Mahmoud},
  journal={Applied Sciences},
  volume={11},
  number={5},
  pages={2158},
  year={2021},
  publisher={MDPI}
}

@article{li2023synthetic,
  title={Synthetic data generation with large language models for text classification: Potential and limitations},
  author={Li, Zhuoyan and Zhu, Hangxiao and Lu, Zhuoran and Yin, Ming},
  journal={arXiv preprint arXiv:2310.07849},
  year={2023}
}

@misc{faker,
author={Faraglia,Daniele},
title={Faker's documentation},
howpublished ={\url{https://faker.readthedocs.io/en/master/}},
note={Accessed: 11 July 2024},
year={2024}
}

@misc{ydata,
author = {YData},
title = {YData Synthetic Data Generation - Documentation},
howpublished = {\url{https://docs.synthetic.ydata.ai/1.4/}},
note = {Accessed: 11 July 2024},
year = {2024}
}

@article{eckerli2021generative,
  title={Generative adversarial networks in finance: an overview},
  author={Eckerli, Florian and Osterrieder, Joerg},
  journal={arXiv preprint arXiv:2106.06364},
  year={2021}
}

@article{xu2019modeling,
  title={Modeling tabular data using conditional gan},
  author={Xu, Lei and Skoularidou, Maria and Cuesta-Infante, Alfredo and Veeramachaneni, Kalyan},
  journal={Advances in neural information processing systems},
  volume={32},
  year={2019}
}

@inproceedings{patki2016synthetic,
  title={The synthetic data vault},
  author={Patki, Neha and Wedge, Roy and Veeramachaneni, Kalyan},
  booktitle={2016 IEEE international conference on data science and advanced analytics (DSAA)},
  pages={399--410},
  year={2016},
  organization={IEEE}
}

@inproceedings{wan2017variational,
  title={Variational autoencoder based synthetic data generation for imbalanced learning},
  author={Wan, Zhiqiang and Zhang, Yazhou and He, Haibo},
  booktitle={2017 IEEE symposium series on computational intelligence (SSCI)},
  pages={1--7},
  year={2017},
  organization={IEEE}
}

@article{doersch2016tutorial,
  title={Tutorial on variational autoencoders},
  author={Doersch, Carl},
  journal={arXiv preprint arXiv:1606.05908},
  year={2016}
}

@article{pezoulas2024synthetic,
  title={Synthetic data generation methods in healthcare: a review on open-source tools and methods},
  author={Pezoulas, Vasileios C and Zaridis, Dimitrios I and Mylona, Eugenia and Androutsos, Christos and Apostolidis, Kosmas and Tachos, Nikolaos S and Fotiadis, Dimitrios I},
  journal={Computational and Structural Biotechnology Journal},
  year={2024},
  publisher={Elsevier}
}

@article{wang2017generative,
  title={Generative adversarial networks: introduction and outlook},
  author={Wang, Kunfeng and Gou, Chao and Duan, Yanjie and Lin, Yilun and Zheng, Xinhu and Wang, Fei-Yue},
  journal={IEEE/CAA Journal of Automatica Sinica},
  volume={4},
  number={4},
  pages={588--598},
  year={2017},
  publisher={IEEE}
}

@article{gonzales2023synthetic,
  title={Synthetic data in health care: A narrative review},
  author={Gonzales, Aldren and Guruswamy, Guruprabha and Smith, Scott R},
  journal={PLOS Digital Health},
  volume={2},
  number={1},
  pages={e0000082},
  year={2023},
  publisher={Public Library of Science San Francisco, CA USA}
}

@article{kamthe2021copula,
  title={Copula flows for synthetic data generation},
  author={Kamthe, Sanket and Assefa, Samuel and Deisenroth, Marc},
  journal={arXiv preprint arXiv:2101.00598},
  year={2021}
}

@article{jordon2022synthetic,
  title={Synthetic Data--what, why and how?},
  author={Jordon, James and Szpruch, Lukasz and Houssiau, Florimond and Bottarelli, Mirko and Cherubin, Giovanni and Maple, Carsten and Cohen, Samuel N and Weller, Adrian},
  journal={arXiv preprint arXiv:2205.03257},
  year={2022}
}
@article{paproki2024synthetic,
  title={Synthetic Data for Deep Learning in Computer Vision \& Medical Imaging: A Means to Reduce Data Bias},
  author={Paproki, Anthony and Salvado, Olivier and Fookes, Clinton},
  journal={ACM Computing Surveys},
  year={2024},
  publisher={ACM New York, NY}
}

@article{patel2023deepfake,
  title={Deepfake generation and detection: Case study and challenges},
  author={Patel, Yogesh and Tanwar, Sudeep and Gupta, Rajesh and Bhattacharya, Pronaya and Davidson, Innocent Ewean and Nyameko, Royi and Aluvala, Srinivas and Vimal, Vrince},
  journal={IEEE Access},
  year={2023},
  publisher={IEEE}
}

@article{li2021synthetic,
  title={Are synthetic clinical notes useful for real natural language processing tasks: A case study on clinical entity recognition},
  author={Li, Jianfu and Zhou, Yujia and Jiang, Xiaoqian and Natarajan, Karthik and Pakhomov, Serguei Vs and Liu, Hongfang and Xu, Hua},
  journal={Journal of the American Medical Informatics Association},
  volume={28},
  number={10},
  pages={2193--2201},
  year={2021},
  publisher={Oxford University Press}
}

@article{yan2022multifaceted,
  title={A multifaceted benchmarking of synthetic electronic health record generation models},
  author={Yan, Chao and Yan, Yao and Wan, Zhiyu and Zhang, Ziqi and Omberg, Larsson and Guinney, Justin and Mooney, Sean D and Malin, Bradley A},
  journal={Nature communications},
  volume={13},
  number={1},
  pages={7609},
  year={2022},
  publisher={Nature Publishing Group UK London}
}

@inproceedings{dwork2006differential,
  title={Differential privacy},
  author={Dwork, Cynthia},
  booktitle={International colloquium on automata, languages, and programming},
  pages={1--12},
  year={2006},
  organization={Springer}
}

@inproceedings{jordon2018pate,
  title={PATE-GAN: Generating synthetic data with differential privacy guarantees},
  author={Jordon, James and Yoon, Jinsung and Van Der Schaar, Mihaela},
  booktitle={International conference on learning representations},
  year={2018}
}

@article{xin2022federated,
  title={Federated synthetic data generation with differential privacy},
  author={Xin, Bangzhou and Geng, Yangyang and Hu, Teng and Chen, Sheng and Yang, Wei and Wang, Shaowei and Huang, Liusheng},
  journal={Neurocomputing},
  volume={468},
  pages={1--10},
  year={2022},
  publisher={Elsevier}
}

@article{sun2023generating,
  title={Generating synthetic personal health data using conditional generative adversarial networks combining with differential privacy},
  author={Sun, Chang and van Soest, Johan and Dumontier, Michel},
  journal={Journal of Biomedical Informatics},
  volume={143},
  pages={104404},
  year={2023},
  publisher={Elsevier}
}

@article{qian2024synthcity,
  title={Synthcity: a benchmark framework for diverse use cases of tabular synthetic data},
  author={Qian, Zhaozhi and Davis, Rob and van der Schaar, Mihaela},
  journal={Advances in Neural Information Processing Systems},
  volume={36},
  year={2024}
}